<?xml version="1.0" encoding="UTF-8"?><record xmlns="http://www.loc.gov/MARC21/slim" xmlns:cinclude="http://apache.org/cocoon/include/1.0" xmlns:zs="http://www.loc.gov/zing/srw/">
  <leader>00464cz  a2200133n  4500</leader>
  <controlfield tag="001">n  88299194 </controlfield>
  <controlfield tag="003">DLC</controlfield>
  <controlfield tag="005">19890512055452.1</controlfield>
  <controlfield tag="008">890410n| acannaab|          |n ana |||  </controlfield>
  <datafield tag="010" ind1=" " ind2=" ">
    <subfield code="a">n  88299194 </subfield>
  </datafield>
  <datafield tag="040" ind1=" " ind2=" ">
    <subfield code="a">DLC</subfield>
    <subfield code="c">DLC</subfield>
  </datafield>
  <datafield tag="110" ind1="1" ind2="0">
    <subfield code="a">British Columbia.</subfield>
    <subfield code="b">Minister's Advisory Committee on Acupuncture</subfield>
  </datafield>
  <datafield tag="670" ind1=" " ind2=" ">
    <subfield code="a">Its Report of the Minister's Advisory Committee on Acupuncture, 1988.</subfield>
  </datafield>
  <datafield tag="670" ind1=" " ind2=" ">
    <subfield code="a">NLC, 10-5-88</subfield>
    <subfield code="b">(British Columbia. Minister's Advisory Committee on Acupuncture)</subfield>
  </datafield>
</record>